<?xml version="1.0" encoding="UTF-8"?><collection xmlns="http://www.loc.gov/MARC21/slim"><record><leader>00440nam--2200169-i-4500</leader><controlfield tag="001">000027893</controlfield><controlfield tag="002">20161230</controlfield><controlfield tag="005">20161230201037</controlfield><controlfield tag="008">060222s1000------------r-----000-0-rus-d</controlfield><datafield ind1=" " ind2=" " tag="041"><subfield code="a">rus</subfield></datafield><datafield ind1=" " ind2=" " tag="080"><subfield code="a">535.1(081)</subfield></datafield><datafield ind1="1" ind2=" " tag="100"><subfield code="a">Branson, M.A</subfield></datafield><datafield ind1="1" ind2="0" tag="245"><subfield code="a">Spravocenie tabliti po infrakrasnomu izluceniu nagretih tel</subfield><subfield code="c">M.A. Branson</subfield></datafield><datafield ind1=" " ind2=" " tag="260"><subfield code="a">Moskva</subfield><subfield code="b">Nauka</subfield><subfield code="c">1964</subfield></datafield><datafield ind1=" " ind2=" " tag="300"><subfield code="a">204p</subfield></datafield><datafield ind1=" " ind2=" " tag="852"><subfield code="a">21344</subfield><subfield code="c">53.081</subfield></datafield><datafield ind1=" " ind2=" " tag="CAT"><subfield code="a">Sys</subfield><subfield code="c">20160328</subfield><subfield code="h">122406</subfield></datafield></record></collection>